
@online{ya-prac,
title = {Ненастоящее в настоящем: что такое дополненная реальность и где её используют},
url = {https://practicum.yandex.ru/blog/tehnologiya-dopolnennoy-realnosti/},
urldate = {01.05.2025},
note = {Загл. с экр. Яз. рус.},
language = {russian}
}

@online{rbcru,
title = {5 способов использования дополненной реальности в маркетинге в 2024},
url = {https://companies.rbc.ru/news/7JwVXmz6oQ/5-sposobov-ispolzovaniya-dopolnennoj-realnosti-v-marketinge-v-2024/},
urldate = {01.05.2025},
note = {Загл. с экр. Яз. рус.},
language = {russian}
}

@online{svyazi-agency,
title = {Дополненная реальность
в маркетинге и рекламе},
url = {https://svyazi-agency.ru/blog/dopolnennaya-realnost-v-marketinge-i-reklame},
urldate = {01.05.2025},
note = {Загл. с экр. Яз. рус.},
language = {russian}
}
@online{easyteka,
title = {Цель дополненной реальности},
url = {https://easyteka.online/blog/primenenie/tsel-i-zadachi-dopolnennoi-realnosti},
urldate = {01.05.2025},
note = {Загл. с экр. Яз. рус.},
language = {russian}
}

@article{elib-artech,
  title        = {Augmented reality technologies as an innovative tool},
  author       = {Bedretdinova A. and Piletskaya M. and Dankova H.},
  journal      = {YOUTH INNOVATIVE ENTREPRENEURSHIP},
  volume       = {1},
  pages        = {16--19},
  year         = {2023},
  language     = {english}
}
